@inproceedings{NIPS1993_1aa48fc4,
 author = {Cortes, Corinna and Jackel, L. D. and Solla, Sara and Vapnik, Vladimir and Denker, John},
 booktitle = {Advances in Neural Information Processing Systems},
 editor = {J. Cowan and G. Tesauro and J. Alspector},
 pages = {},
 publisher = {Morgan-Kaufmann},
 title = {Learning Curves: Asymptotic Values and Rate of Convergence},
 url = {https://proceedings.neurips.cc/paper/1993/file/1aa48fc4880bb0c9b8a3bf979d3b917e-Paper.pdf},
 volume = {6},
 year = {1993}
}

