@inproceedings{1,
  title={Pattern classification and scene analysis},
  author={Richard O. Duda and Peter E. Hart},
  booktitle={A Wiley-Interscience publication},
  year={1973}
}
@ARTICLE{2,
  author={LeCun, Y. and Boser, B. and Denker, J. S. and Henderson, D. and Howard, R. E. and Hubbard, W. and Jackel, L. D.},
  journal={Neural Computation}, 
  title={Backpropagation Applied to Handwritten Zip Code Recognition}, 
  year={1989},
  volume={1},
  number={4},
  pages={541-551},
  doi={10.1162/neco.1989.1.4.541}
}
@article{3,
  title = {Statistical mechanics of learning from examples},
  author = {Seung, H. S. and Sompolinsky, H. and Tishby, N.},
  journal = {Phys. Rev. A},
  volume = {45},
  issue = {8},
  pages = {6056--6091},
  numpages = {0},
  year = {1992},
  month = {Apr},
  publisher = {American Physical Society},
  doi = {10.1103/PhysRevA.45.6056},
  url = {https://link.aps.org/doi/10.1103/PhysRevA.45.6056}
}
@article{4,
author = {Vapnik, Vladimir and Levin, Esther and Lecun, Yann},
year = {1994},
month = {09},
pages = {851-876},
title = {Measuring the VC-Dimension of a Learning Machine},
volume = {6},
journal = {Neural Computation},
doi = {10.1162/neco.1994.6.5.851}
}
@inproceedings{5,
 author = {Cortes, Corinna and Jackel, L. D. and Solla, Sara and Vapnik, Vladimir and Denker, John},
 booktitle = {Advances in Neural Information Processing Systems},
 editor = {J. Cowan and G. Tesauro and J. Alspector},
 pages = {},
 publisher = {Morgan-Kaufmann},
 title = {Learning Curves: Asymptotic Values and Rate of Convergence},
 url = {https://proceedings.neurips.cc/paper/1993/file/1aa48fc4880bb0c9b8a3bf979d3b917e-Paper.pdf},
 volume = {6},
 year = {1993}
}




